@Article{chan,
	author={Timoty A. Chan},
	title={Optimal ouptput-sensitive convex hull algorithms in two or three dimensions},
	year={1996},
	Journal={Discrete and Computational Geometry}
}

@Article{Sharir,
author = {M. Sharir; M.H. Overmars},
title = {A simple output-sensitive algorithm for hidden surface removal},
journal = {ACM Transactions of Graphics},
year = {1992}
}

@Article{Khaireel,
author = {Khaireel A. Mohamed; Christine Kupich},
title = {An O(n log n) Output-Sensitive Algorithm to Detect and Resolve Conflicts for 1D Range Filter in Router Tables},
journal = {Institut fr Informatik},
year = {2006}
}

@Article{Preparate,
author = {Preparate, Shamos},
title = {Convex Hulls: Basic Algorithms},
journal = {Computational Geometry}
}

